<record><leader>00000cas a2200000 a 4500</leader><controlfield tag="001">11746215</controlfield><controlfield tag="008">850228d19211922ksucr ne      0   a0eng d</controlfield><datafield ind1=" " ind2=" " tag="010"><subfield code="a">sn 84030264 </subfield></datafield><datafield ind1=" " ind2=" " tag="040"><subfield code="a">KSH</subfield><subfield code="b">eng</subfield><subfield code="c">KSH</subfield><subfield code="d">NPT</subfield><subfield code="d">OCL</subfield><subfield code="d">OCLCQ</subfield></datafield><datafield ind1=" " ind2=" " tag="042"><subfield code="a">msc</subfield></datafield><datafield ind1="0" ind2="4" tag="245"><subfield code="a">The Lamont leader and the Hill Top times.</subfield></datafield><datafield ind1=" " ind2=" " tag="260"><subfield code="a">Madison, Kan. :</subfield><subfield code="b">Lawrence M. Shearer,</subfield><subfield code="c">1921-1922.</subfield></datafield><datafield ind1=" " ind2=" " tag="300"><subfield code="a">1 v. :</subfield><subfield code="b">ill. ;</subfield><subfield code="c">50-55 cm.</subfield></datafield><datafield ind1=" " ind2=" " tag="310"><subfield code="a">Semiweekly,</subfield><subfield code="b">Jan. 23-Mar. 14, 1922</subfield></datafield><datafield ind1=" " ind2=" " tag="321"><subfield code="a">Weekly,</subfield><subfield code="b">Apr. 20, 1921-&lt;Jan. 1922&gt;</subfield></datafield><datafield ind1="0" ind2=" " tag="362"><subfield code="a">Vol. 8 (Apr. 20, 1921)-v. 10 (Mar. 14, 1922).</subfield></datafield><datafield ind1=" " ind2=" " tag="515"><subfield code="a">Numbering is irregular.</subfield></datafield><datafield ind1=" " ind2=" " tag="525"><subfield code="a">Supplements included.</subfield></datafield><datafield ind1=" " ind2=" " tag="580"><subfield code="a">Formed by the union of: Lamont leader (Lamont, Kan. : 1912) and: Hill Top times (non-extant).</subfield></datafield><datafield ind1=" " ind2=" " tag="752"><subfield code="a">United States</subfield><subfield code="b">Kansas</subfield><subfield code="c">Greenwood</subfield><subfield code="d">Madison.</subfield></datafield><datafield ind1="1" ind2="4" tag="780"><subfield code="t">Lamont leader (Lamont, Kan. : 1912)</subfield><subfield code="w">(DLC)sn 84030265</subfield></datafield><datafield ind1="1" ind2="4" tag="780"><subfield code="t">Hill Top times</subfield></datafield><datafield ind1="0" ind2="0" tag="785"><subfield code="t">Lamont leader (Lamont, Kan. : 1922)</subfield><subfield code="w">(DLC)sn 84030263</subfield></datafield></record>